@Thesis{rory,
	Author = {Rory Woods},
	Title = {A New Approach to Radiative Transfer in Galaxies},
	Url = {https://macsphere.mcmaster.ca/bitstream/11375/18234/2/RWoodsPhDThesis.pdf},
	Year = 2015}
	
@article{grond,
	Author = {Jasper Grond and Rory Woods and James Wadsley and Hugh Couchman},
	Journal = {},
	Month = {},
	Year = {2018},
	Volume = {},
	Pages = {},
	Title = {TrevR, a general $\mathcal{O}(N log^2 N)$ radiative transfer algorithm}}
	
@article{gasoline,
    Author = {James Wadsley and Joachim Stadel and Thomas Quinn},
    Journal = {New Astronomy},
    Month = {Febuary},
    Year = {2004},
    Volume = {9},
    Issue = {2},
    Pages = {137--158},
    doi = {10.1016/j.newast.2003.08.004},
    Title = {Gasoline: An adaptable implementation of TreeSPH}}
	
@article{starburst,
    Author = {Leitherer, Claus and Schaerer, Daniel and Goldader, Jeffrey D. and Delgado, Rosa M. González and Robert, Carmelle and Kune, Denis Foo and de Mello, Duília F. and Devost, Daniel and Heckman, Timothy M.},
    Journal = {The Astrophysical Journal Supplement Series},
    Month = {July},
    Year = {1999},
    Volume = {123},
    Issue = {1},
    Pages = {3--40},
    doi = {10.1086/313233},
    title = {Starburst99: Synthesis Models for Galaxies with Active Star Formation}}
    
@article{boinc,
    Author = {D.P. Anderson},
    Journal = {Fifth IEEE/ACM International Workshop on Grid Computing},
    Month = {November},
    Year = {2004},
    Volume = {},
    Pages = {},
    doi = {0.1109/GRID.2004.14},
    Title = {BOINC: a system for public-resource computing and storage}}
    
@article{FLD,
    Author= {G. D. Levermore and G. C. Pomraning},
    Journal = {The Astrophysical Journal},
    Month = {August},
    Year = {1981},
    Volume = {248},
    Pages = {321--334},
    Title = {A Flux-Limited Diffusion Theory}}
    
@book{M&M1984,
    Title = {Foundations of Radiation Hydrodynamics},
    Author = {Dimitri Mihalas and Barbara Weibel Mihalas},
    isbn = {0486135888, 9780486135885},
    year = {2013},
    publisher = {Courier Corporation}}
    
@book{R&L,
    Title = {Radiative Processes in Astrophysics},
    Author = {George B. Rybicki and Alan P. Lightman},
    isbn = {978-0-471-82759-7},
    year = {1986},
    publisher = {Wiley-VCH}}

@article{MC1,
    Author = {B. Ercolano and M. J. Barlow and P. J. Storey and X.-W. Liu},
    Journal = {Monthly Notices of the Royal Astronomy Society},    
    Month = {January},
    Year = {2003},
    doi =  	{10.1046/j.1365-8711.2003.06371.x},
    Title = {Mocassin: A fully three-dimensional Monte Carlo photoionization code}}

@article{MC2,
    Author = {David C. Abbot and L. B. Lucy},
    Journal = {The Astrophysical Journal},
    Month = {January},
    Year = {1985},
    Volume = {288},
    Pages = {679--693},
    Title = {Multiline Transfer and the Dynamics of Stellar Winds}}
    
@article{MC4,
    Author = {T.J. Harries and I.D. Howarth},
    Journal = {Astronomy and Astrophysics Supplement Series},
    Month = {January},
    Year = {1997},
    Volume = {121},
    Pages = {15--44},
    Title = {Raman scattering in symbiotic stars. II. Numerical models}}

@misc{MC5,
    Title = {Introduction to Monte Carlo Radiation Transfer},
    Author = {Kenneth Wood and Barbara Whitney and Jon Bjorkman and Michael Wolff},
    Year = 2013,
    URL = {http://www-star.st-and.ac.uk/~kw25/research/montecarlo/book.pdf},
    note = {Last accessed on 25/07/2018}}

@article{MC6,
    Author = {K. Wood and J. Mathis and B. Ercolano},
    Journal = {Monthly Notices of the Royal Astronomy Society},
    Month = {November},
    Year = {2003},
    Pages = {1--12},
    doi = {10.1111/j.1365-2966.2004.07458.x},
    Title = {A 3D Monte Carlo Photoionization Code for Modeling Diffuse Ionized Gas}}
    
@article{MCRT,
    Author = {Juergen Steinacker and Maarten Baes and Karl Gordon},
    Journal = {Annual Reviews of Astronomy and Astrophysics},
    Month = {August},
    Year = {2013},
    Volume = {51},
    Pages = {63--104},
    doi = {10.1146/annurev-astro-082812-141042},
    Title = {Three-Dimensional Dust Radiative Transfer}}    

@article{DART,
    Author = {G. Natale and C. C. Popescu and R. J. Tuffs and D. Semionov},
    Journal = {Monthly Notices of the Royal Astronomical Society},
    Month = {March},
    Year = {2014},
    Volume = {438},
    Issue = {4},
    Pages = {3137--3162},
    doi = {10.1093/mnras/stt2418},
    Title = {DART-Ray: a 3D ray-tracing radiative transfer code for calculating the propagation of light in dusty galaxies}}
    
@article{MORAYish,
    Author = {Tom Abel and Benjamin D. Wandelt},
    Journal = {Monthly Notices of the Royal Astronomical Society},
    Month = {March},
    Year = {2002},
    Volume = {330},
    Issue = {3},
    Pages = {L53--L56},
    doi = {10.1046/j.1365-8711.2002.05206.x},
    Title = {Adaptive Ray Tracing for Radiative Transfer around Point Sources}}
    
@article{MORAY,
    Author = {John H. Wise and Tom Abel},
    Journal = {Monthly Notices of the Royal Astronomical Society},
    Month = {July},
    Year = {2011},
    Volume = {414},
    Issue = {4},
    Pages = {3458--3491},
    doi = {10.1111/j.1365-2966.2011.18646.x},
    Title = {Enzo+Moray: Radiation Hydrodynamics Adaptive Mesh Refinement Simulations with Adaptive Ray Tracing}}
    
@article{ramses,
	Author = {J. Rosdahl and R. Teyssier},
	Journal = {Monthly Notices of the Royal Astronomy Society},
	Month = {May},
	Year = {2015},
	Volume = {},
	Pages = {},
	Title = {A scheme for radiation pressure and photon diffusion with the M1 closure in RAMSES-RT}}
	
@article{gravity,
    Author = {Josh Barnes and Piet Hut},
    Journal = {Nature},
    Month = {December},
    Year = {1986},
    Volume = {324},
    Pages = {446--449},
    doi = {},
    Title = {A hierarchical O(NlogN) force-calculation algorithm}}
    
@article{treecol,
    Author = {Paul C. Clark and Simon C.O. Glover and Ralf S. Klessen},
    Journal = {Monthly Notices of the Royal Astronomy Society},
    Month = {September},
    Year = {2012},
    Volume = {420},
    doi = {10.1111/j.1365-2966.2011.20087.x},
    Title = {TreeCol: a novel approach to estimating column densities in astrophysical simulations}}
    
 @article{urchin,
    Author = {Gabriel Altay and Tom Theuns},
    Journal = {Monthly Notices of the Royal Astronomy Society},
    Month = {September},
    Year = {2013},
    Volume = {434},
    Issue = {1},
    Pages = {748 -- 764},
    doi = {10.1093/mnras/stt1067},
    Title = {URCHIN: A Reverse Ray Tracer for Astrophysical Applications}}   
    
@article{gadget,
    Author = {Volker Springel},
    Journal = {Monthly Notices of the Royal Astronomy Society},
    Month = {December},
    Year = {2005},
    Volume = {364},
    Issue = {4},
    Pages = {1105--1134},
    doi = {10.1111/j.1365-2966.2005.09655.x},
    Title = {The cosmological simulation code GADGET-2}}
    
@article{healpix,
    Author = {K. M. Gorski and E. Hivon and A. J. Banday and B. D. Wandelt and F. K. Hansen and M. Reinecke and M. Bartelman},
    Journal = {The Astrophysical Journal},
    Month = {April},
    Year = {2005},
    Volume = {622},
    Issue = {2},
    Pages = {759--771},
    doi = {10.1086/427976},
    Title = {HEALPix: A Framework for High-Resolution Discretization and Fast Analysis of Data Distributed on the Sphere}}
    
@inproceedings{ChaNGa1,
    Author = {P. Jetley and F. Gioachin and C. Mendes and L. V. Kale, and T. R. Quinn},
    Title = {Massively parallel cosmological simulations with ChaNGa},
    Year = {2008},
    Booktitle = {IEEE International Parallel and Distributed Processing Symposium 2008}}

@inproceedings{ChaNGa2,
    Author = {P. Jetley and L. Wesolowski and F. Gioachin and L. V. Kale and T. R. Quinn},
    Title = {Scaling hierarchical n-body simulations on gpu clusters},
    Year = {2010},
    Publisher = {IEEE Computer Society},
    Venue = {Washington, DC, USA},
    Booktitle = {Proceedings of the 2010 ACM/IEEE International Conference for High Performance Computing, Networking, Storage and Analysis, SC ’10}}

@article{ChaNGa3,
    Author = {Menon, H. and Wesolowski, L. and Zheng, G. and Jetley, P. and Kale, L. and Quinn, T. and Governato, F},
    Journal = {Computational Astrophysics and Cosmology},
    Year = {2015},
    Volume = {2},
    Title = {Adaptive techniques for clustered N-body cosmological simulations}}

@article{Charm1,
    Author = {Wei Shu and L. V. Kale},
    Journal = {Journal of Parallel and Distributed Computing},
    Month = {March},
    Year = {1991},
    Volume = {11},
    Issue = {3},
    Pages = {198-211},
    doi = {10.1016/0743-7315(91)90044-A},
    Title = {Chare Kernel -- A Runtime Support System For Parallel Computations}}
    
@inproceedings{Charm2,
    Author = {L. V. Kale and S. Krishnan},
    Title = {Charm++: A portable concurrent object oriented system based on C++},
    Year = 1993,
    Venue = {Washington, DC, USA},
    Booktitle = {OOPSLA '93 Proceedings of the eighth annual conference on Object-oriented programming systems, languages, and applications }}
    
@inproceedings{NAMD,
    Author = {J. C. Phillips and Gengbin Zheng and S. Kumar and L. V. Kale},
    Title = {NAMD: Biomolecular Simulation on Thousands of Processors},
    Year = 2002,
    Venue = {Baltimore, MD, USA},
    Booktitle = {Proceedings of the 2002 ACM/IEEE Conference on Supercomputing}}

    
@article{ETRAN,
    Author = {Stephen M.Seltzer},
    Journal = {International Journal of Radiation Applications and Instrumentation. Part A. Applied Radiation and Isotopes},
    Year = {1991},
    Volume = {42},
    Issue = {10},
    Pages = {917-941},
    doi = {10.1016/0883-2889(91)90050-B},
    Title = {Electron-photon Monte Carlo calculations: The ETRAN code}}
    
@article{divV,
    Author = {J. J. Monaghan},
    Journal = {Annual review of astronomy and astrophysics},
    Year = {1992},
    Volume = {30},
    Pages = {543--574},
    doi = {10.1146/annurev.aa.30.090192.002551},
    Title = {Smoothed particle hydrodynamics}}
    
@article{gasStripping,
    Author = {Jun'ichi Sato and Masayuki Umemura and Keisuke Sadawa and Shingo Matsuyama},
    Journal = {Monthly Notices of the Royal Astronomical Society},
    Month = {October},
    Year = {2004},
    Volume = {354},
    Issue = {1},
    Pages = {176-182},
    doi = {10.1111/j.1365-2966.2004.08176.x},
    Title = {Gas stripping by radiation drag from an interstellar cloud}}
    
@article{flash,
    Author = {Fryxell, B. and Olson, K. and Ricker, P. and Timmes, F. X. and Zingale, M. and Lamb, D. Q. and MacNeice, P. and Rosner, R. and Truran, J. W. and Tufo, H.},
    Journal = {The Astrophysical Journal Supplement Series},
    Month = {November},
    Year = {2000},
    Volume = {131},
    Issue = {1},
    Pages = {273--334},
    doi = {10.1086/317361},
    Title = {FLASH: An Adaptive Mesh Hydrodynamics Code for Modeling Astrophysical Thermonuclear Flashes}}
    
@article{treeRay,
    Author = {S. Haid and S. Walch and D. Seifried and R. Wunsch and F. Dinnbier and T. Naab},
    Journal = {Monthly Notices of the Royal Astronomical Society},
    Month = {August},
    Year = {2018},
    Volume = {478},
    Issue = {4},
    Pages = {4799--4815},
    doi = {10.1093/mnras/sty1315},
    Title = {The relative impact of photoionizing radiation and stellar winds on different environments}}
    
@Thesis{pkdgrav,
    Author = {Stadel, Joachim Gerhard},
    Month = {Febuary},
    Year = {2002},
    Title = {Cosmological N-body simulations and their analysis}}

@article{wadsley2017,
    Author = {Wadsley, James W. and Keller, Benjamin W. and Quinn, Thomas R.},
    Journal = {Monthly Notices of the Royal Astronomical Society},
    Month = {October},
    Year = {2017},
    Volume = {471},
    Issue = {2},
    Pages = {2357 -- 2369},
    doi = {10.1093/mnras/stx1643},
    Title = {Gasoline2: a modern smoothed particle hydrodynamics code}}

@article{,
    Author = {},
    Journal = {},
    Month = {},
    Year = {},
    Volume = {},
    Pages = {},
    doi = {},
    Title = {}}